4272 2819
265 126 175 45 Nolse

198 181 204 91 Veytaz

649 165 153 66 nole

538 272 179 85 Clafpe

158 356 71 83 Ne
267 353 39 85 29
376 368 0 48 -
472 352 154 69 Berela
701 343 176 83 pavrer
970 332 80 74 soit
1098 326 112 68 reiter
1273 335 20 54 à
1330 316 194 86 veytaz
1572 313 74 81 doit
1675 306 158 89 compter
1861 311 81 80 pour
1969 303 131 79 luiege

914 395 170 63 Alectan
1127 384 114 69 ferrin
1295 381 40 54 dé
1347 380 133 61 naples

266 484 111 65 30.
469 461 148 87 Griney
684 453 194 76 Antoine
986 441 99 73 doit
1131 439 195 73 nectova
1413 442 119 84 Ager
1628 423 152 92 1872

338 670 0 0 1

444 600 193 84 Berile
685 569 332 107 Mzam
1129 578 96 88 doit
1273 572 102 84 Venter
1423 581 16 59 à
1480 552 131 95 Moler
1681 541 145 96 18014

2561 162 72 51 ed

303 750 71 70 32
492 726 152 86 Benla
707 715 159 97 Nicole
1072 717 93 72 dort
1217 700 131 82 Ruter
1414 710 16 62 à
1471 684 136 86 Molen
1669 678 71 80 ne
1790 680 45 84 17

440 971 168 109 ainsi
666 958 192 92 tersle
958 969 58 79 30
1097 954 108 90 31.
1241 940 122 100 32.
1409 930 225 77 soivent
1687 910 99 87 che

527 1091 206 96 enlever
784 1089 50 76 de
876 1069 39 95 la
952 1061 244 109 sstatte
1258 1064 55 67 de
1375 1044 97 100 Dey
1516 1042 152 95 Vas.

4045 65 83 121 68

2309 264 307 87 Grigone
2675 263 33 70 de
2738 262 129 73 faire
2909 271 75 49 une
3026 245 295 91 verificatin
3393 242 39 71 da
3479 243 82 73 vor
3602 233 143 81 Creux
3792 228 253 87 survotre

2291 359 253 84 populateu
2618 356 43 65 de
2718 350 150 82 1829.
2924 358 74 71 que
3048 342 25 64 la
3112 341 167 66 Commne
3318 332 225 79 diveytas
3595 346 18 41 à
3654 345 47 42 ern
3754 321 365 78 devonnTecthur

2293 452 130 86 feten
2497 449 23 77 la
2575 444 113 79 lieste
2736 446 42 63 du
2846 439 165 82 drehet
3053 430 229 83 masteray
3340 427 26 66 du
3444 423 32 80 27
3534 434 97 54 mar
3690 416 135 82 1830

2285 601 150 73 sous
2476 584 200 74 honveres
2713 596 33 73 Ce
2792 580 133 88 Jouis
2991 571 58 91 B.
3085 566 88 81 Itot

2149 734 66 96 Lu
2264 728 168 101 prénies
2459 729 95 92 losre
2631 739 68 62 son
2775 712 184 92 tronés
3000 719 3 90 a
3057 708 198 100 gouche
3325 715 74 78 nne
3441 706 123 92 lopee
3629 692 29 68 du
3715 690 109 68 Role
3860 685 37 76 de
3946 685 118 96 1829

2482 831 284 67 Fadroste
2815 833 155 51 lenon
3059 825 229 77 indiques
3316 824 75 74 per
3441 811 177 83 mueppraz
3662 808 24 81 le
3719 807 114 74 vsmnn
3935 801 109 68 1830

2307 914 379 94 Pourssseh
2736 903 308 93 serchondet
3094 903 68 89 ser
3220 898 135 74 bertole
3393 908 41 56 de
3485 890 102 86 1829

2139 1070 180 86 Laze
2380 1067 128 92 cosre
2575 1054 356 92 vouchronseris
2982 1062 210 61 demerne
3233 1069 21 44 à
3288 1043 169 87 gomche
3503 1049 92 78 une
3642 1055 106 71 copie
3794 1041 36 67 de
3872 1025 97 82 Role
3997 1028 0 75 d
4038 1031 97 83 1829

2462 1184 57 56 et
2574 1170 166 75 adroite
2801 1168 19 68 le
2876 1186 75 50 non
3045 1159 116 79 unde
3193 1176 53 60 pen
3307 1157 167 73 pessur
3499 1153 106 73 parax
3669 1139 207 69 le2zmar
3932 1127 114 74 1830

2409 1261 66 90 do
2645 1253 121 94 fls
2806 1250 29 92 se
2875 1241 176 76 retroua
3222 1241 52 83 per
3337 1226 190 72 terobede
3582 1222 97 86 1829

2143 1420 67 71 La
2283 1414 29 83 li
2382 1410 127 90 closre
2578 1415 91 62 van
2718 1398 214 72 Tonserés
2962 1395 192 63 lemme
3198 1400 3 67 a
3245 1383 137 81 genfe
3421 1383 83 70 rene
3542 1357 191 95 Coundre
3770 1350 103 69 Role
3920 1346 41 76 de
3981 1350 101 77 1829

2465 1515 62 65 et
2571 1498 171 80 adroite
2780 1492 172 80 lemans
2996 1492 218 78 indiqués
3249 1483 73 74 par
3370 1467 174 88 ruefperaz
3608 1461 23 74 le
3676 1461 42 55 27
3777 1462 96 51 mai
3939 1445 109 75 1830

2492 1609 236 74 dourleur
2761 1611 64 71 qee
2864 1583 255 94 fetronvent
3202 1576 59 80 feer
3307 1569 21 68 le
3362 1562 101 72 Role
3512 1563 31 68 de
3598 1560 80 80 829

2166 1748 110 65 ane
2318 1728 90 90 liste
2444 1740 38 66 de
2525 1750 120 71 ceeuse
2701 1743 84 74 qui
2830 1710 240 101 fetronsont
3110 1699 145 87 mérit
3306 1681 137 98 Justes
3470 1675 112 90 Roles
3617 1676 32 82 de
3699 1672 97 96 1829
3853 1683 127 79 mans
4007 1687 67 70 gue

2417 1688 42 63 de
2491 1684 42 68 Lo
2570 1677 157 72 Judividn

2531 1846 172 78 nepret
2737 1839 70 81 peas
2848 1819 117 97 perte
3009 1809 64 94 per
3105 1799 19 69 ta
3172 1794 100 75 liste
3313 1790 129 72 decor
3493 1784 299 106 Nosseray.
3812 1776 98 103 Jont
3954 1776 194 98 Marggies

3437 1873 67 45 our

2359 1970 93 59 cest
2490 1970 41 61 ni
2569 1967 30 57 on
2647 1951 26 74 il
2709 1951 107 73 faut
2857 1931 139 90 poiter
3044 1922 105 66 votre
3180 1913 196 74 attentinn
3442 1908 30 60 de
3527 1903 116 59 arvir
3686 1912 30 69 on
3766 1894 87 84 honet
3891 1891 114 80 paprès
4050 1894 36 69 les

2378 2037 148 83 Honn
2592 2017 234 102 Judiridrs
2863 2003 246 109 punsquils
3149 2002 72 77 ont
3259 1993 157 100 pigure
3454 1985 72 84 par
3573 1983 15 68 le
3643 1977 154 72 rolade
3852 1978 105 93 1829

2367 2147 269 75 parccque
2680 2148 22 69 à
2745 2118 217 99 Joppofer
3026 2137 127 67 quon
3216 2112 145 94 seroit
3406 2107 73 69 don
3562 2101 21 75 le
3621 2099 67 85 Cas
3719 2098 34 67 de
3810 2092 251 95 Décharger

4167 1849 0 0 1

2362 2216 128 67 aître
2537 2216 197 76 commne
2800 2206 83 97 d'un
2942 2205 178 94 homrme
3199 2211 28 82 il
3266 2201 177 85 fandru
3510 2214 34 64 en
3612 2200 195 95 rechorge
3834 2207 115 74 vrne
3997 2195 121 89 autre
