6378 8736
3951 701 156 197 3l
4150 695 68 221 74

223 999 0 0 1
347 849 492 210 Formular
913 847 86 198 B.
1224 830 584 237 Derseichitz
1886 840 116 218 der
2097 822 487 239 antsertalb
2679 837 115 214 der
2889 821 406 229 Dehoeis
3390 808 584 234 Hrelenden

266 2276 0 0 1

436 1072 260 124 Der-
1270 1033 389 156 Demeinde
1753 1034 260 169 Battel
2399 1024 249 152 Desirt
2752 1020 343 168 Leut-
3270 1014 271 160 Ranton
3658 1009 226 168 Wallis

752 1573 439 139 Berzonen

465 1926 376 96 Dehlemoname

456 2210 238 162 Marti

990 1926 159 98 Zauf
1204 1926 76 100 ober
1314 1926 187 102 Borname

1029 2200 270 139 Lentan

509 2751 280 131 fur
889 2751 421 185 Behikignin
1397 2751 91 134 des
1536 2751 2 129 L

431 2899 375 151 gemaldeled
895 2892 70 142 der
1065 2893 161 148 Sergu
1325 2878 263 169 Ddebegurt

519 3063 335 145 Zufleuge
970 3058 238 111 Bemmte

805 3154 161 208 Franz
1062 3159 178 185 Zalier
1324 3174 235 179 Beuthrfh

475 3337 248 147 Iedeht
761 3336 41 124 en
879 3333 240 146 Kurnud
1245 3331 82 122 ned
1394 3329 154 126 Kugir

616 3466 214 143 hulter
911 3479 50 127 de
1089 3441 250 174 Begieter
1420 3436 156 168 Leuit

1694 1167 314 133 Qugenommen
2048 1167 44 135 den
2184 1166 85 139 21.
2319 1165 107 142 Marz
2466 1164 106 146 1850.

1723 2153 113 204 145

2888 1616 669 144 Demertersen

2397 1742 61 110 (au
2516 1741 53 110 13.
2598 1740 76 110 Aoiss
2710 1740 24 109 J.
2793 1739 31 108 De
2867 1738 151 108 Sepution
3077 1738 16 105 ur
3122 1737 31 106 die
3182 1736 218 106 Bestiernsoer
3429 1735 105 103 notme.
3571 1735 1 101 -
3593 1735 24 101 da
3653 1734 31 101 sie
3713 1734 98 100 Pubrit
3840 1732 240 100 Demertangen

2727 1810 37 107 ne
2798 1807 175 109 Bertalaite
3008 1806 38 108 der
3080 1804 153 109 Aoncerden
3282 1801 232 110 Camenatirsr
3556 1799 131 109 Vargeneit

2475 1882 65 98 aus
2575 1881 37 98 der
2647 1880 102 99 Beimnb
2784 1878 110 100 entferet
2929 1877 37 100 no
3001 1876 23 101 fe
3059 1875 22 101 Kh
3124 1873 116 103 Bermoien
3275 1871 153 104 Anbatten,
3463 1870 88 104 Melare
3578 1868 131 105 Delaatre
3737 1867 23 105 Re
3795 1865 109 107 Catreiben
3939 1865 1 106 n
3990 1863 95 108 (m.)

2339 2185 319 132 Leinmnn
2726 2183 267 128 allgemnin
3061 2180 276 123 vermuthet
3397 2179 45 117 ist
3494 2178 150 116 dinher
3688 2175 300 115 Mauddeer

2358 2315 198 140 Bumger
2625 2315 238 145 abedefeud
2902 2315 20 142 et
3001 2315 30 141 in
3090 2315 426 140 Reagaliterischer
3575 2315 188 133 dimnste
3862 2315 168 129 dechben

2339 2472 172 122 Pimet
2583 2469 165 122 visterd
2795 2468 34 119 es
2893 2466 75 119 nur
3031 2463 141 120 desten
3260 2459 214 119 Altrrn,
3529 2457 67 116 eed
3643 2452 320 119 dicfardalten

2358 2599 131 166 mist
2535 2596 179 175 Beineer
2783 2593 180 176 Ggomh.
3020 2589 309 151 nuskamer
3434 2585 215 164 usreren
3718 2583 25 130 in
3777 2583 2 130 F
3836 2581 73 159 belle
3943 2581 13 170 at
3990 2579 144 172 getong

2640 2977 222 172 Du
2970 2975 335 174 Presidemt
3400 2972 52 177 de
3561 2983 285 166 Demmuid

3038 3149 307 121 Butter

2994 3257 104 166 St
3153 3258 243 164 Hansi
3508 3266 380 147 Meuhteri
